<record><leader>00000cas a22000007a 4500</leader><controlfield tag="001">15728665</controlfield><controlfield tag="008">870523c19269999iaudn ne      0    0eng d</controlfield><datafield ind1=" " ind2=" " tag="010"><subfield code="a">sn 87057500 </subfield></datafield><datafield ind1=" " ind2=" " tag="040"><subfield code="a">INP</subfield><subfield code="b">eng</subfield><subfield code="c">INP</subfield><subfield code="d">OCLCQ</subfield></datafield><datafield ind1=" " ind2=" " tag="042"><subfield code="a">msc</subfield></datafield><datafield ind1="0" ind2=" " tag="130"><subfield code="a">Evening sentinel (Shenandoah, Iowa)</subfield></datafield><datafield ind1="1" ind2="4" tag="245"><subfield code="a">The evening sentinel.</subfield></datafield><datafield ind1="1" ind2="3" tag="246"><subfield code="a">Shenandoah evening sentinel</subfield></datafield><datafield ind1=" " ind2=" " tag="260"><subfield code="a">Shenandoah, Iowa :</subfield><subfield code="b">[s.n.],</subfield><subfield code="c">1926-</subfield></datafield><datafield ind1=" " ind2=" " tag="300"><subfield code="a">v.</subfield></datafield><datafield ind1=" " ind2=" " tag="310"><subfield code="a">Daily (except Saturday, Sunday and some holidays),</subfield><subfield code="b">&lt;Nov. 27, 1970-</subfield></datafield><datafield ind1=" " ind2=" " tag="321"><subfield code="a">Daily (except Sunday),</subfield><subfield code="b">1926-&lt;Aug. 20, 1960)</subfield></datafield><datafield ind1="0" ind2=" " tag="362"><subfield code="a">Vol. 45, no. 30 (May 5, 1926)-</subfield></datafield><datafield ind1=" " ind2=" " tag="500"><subfield code="a">Publisher varies.</subfield></datafield><datafield ind1=" " ind2=" " tag="752"><subfield code="a">United States</subfield><subfield code="b">Iowa</subfield><subfield code="c">Page</subfield><subfield code="d">Shenandoah.</subfield></datafield><datafield ind1="0" ind2="0" tag="780"><subfield code="t">Evening sentinel-world</subfield><subfield code="w">(DLC)sn 87057499</subfield></datafield></record>